<?xml version="1.0" encoding="UTF-8"?><collection xmlns="http://www.loc.gov/MARC21/slim"><record><leader>00429nam--2200133-i-4500</leader><controlfield tag="001">000004956</controlfield><controlfield tag="002">20161230</controlfield><controlfield tag="005">20161230201026</controlfield><controlfield tag="008">060222s1000------------r-----000-0-eng-d</controlfield><datafield ind1=" " ind2=" " tag="100"><subfield code="a">Bertein, F</subfield></datafield><datafield ind1=" " ind2=" " tag="245"><subfield code="a">Methodes theoriques fondamentales concernant l es champs, ondes et trajectoires</subfield></datafield><datafield ind1=" " ind2=" " tag="260"><subfield code="a">Saclay, Centre D Etudes Nucleaires, /F.A./ 182 P</subfield></datafield><datafield ind1=" " ind2=" " tag="490"><subfield code="a">Theorie Et Technique Des Accelerateurs De Part Icules</subfield></datafield><datafield ind1=" " ind2=" " tag="852"><subfield code="a">15319</subfield></datafield></record></collection>